<?xml version="1.0" encoding="UTF-8"?><collection><record><leader>09470ntm a2200553 a 4500</leader><controlfield tag="001">006806231</controlfield><controlfield tag="003">MiAaHDL</controlfield><controlfield tag="005">20190719000000.0</controlfield><controlfield tag="006">m        d        </controlfield><controlfield tag="007">cr bn ---auaua</controlfield><controlfield tag="008">090602s1568    xx            00| ||ara d</controlfield><datafield tag="035" ind1=" " ind2=" "><subfield code="a">(MiU)006806231</subfield></datafield><datafield tag="035" ind1=" " ind2=" "><subfield code="a">sdr-miu006806231</subfield></datafield><datafield tag="040" ind1=" " ind2=" "><subfield code="a">MiU</subfield><subfield code="c">MiU</subfield><subfield code="e">amremm</subfield></datafield><datafield tag="043" ind1=" " ind2=" "><subfield code="a">n-us-mi</subfield></datafield><datafield tag="245" ind1="0" ind2="0"><subfield code="6">880-03</subfield><subfield code="a">Kashf al-kāshif wa-sharḥ al-kāshif,</subfield><subfield code="f">[976, i.e. 1568].</subfield></datafield><datafield tag="246" ind1="3" ind2=" "><subfield code="i">Title from inscription on 'title page' (p.3):</subfield><subfield code="a">كشف الكاشف</subfield></datafield><datafield tag="246" ind1="3" ind2=" "><subfield code="i">Title from inscription accompanying book price on front flyleaf (p.1):</subfield><subfield code="a">كشف الكاشف</subfield></datafield><datafield tag="260" ind1=" " ind2=" "><subfield code="c">[1568].</subfield></datafield><datafield tag="300" ind1=" " ind2=" "><subfield code="a">531 leaves :</subfield><subfield code="b">paper ;</subfield><subfield code="c">260 x 180 (209 x113) mm.</subfield></datafield><datafield tag="500" ind1=" " ind2=" "><subfield code="a">Shelfmark: Ann Arbor, University of Michigan, Special Collections Library, Isl. Ms. 467</subfield></datafield><datafield tag="500" ind1=" " ind2=" "><subfield code="a">Origin: As appears in colophon on p.648, transcription of first section (through p.648) completed 24 Rabīʻ II of an unspecified year (lacuna follows سنة). As appears in colophon on p.1063, second section copied by Ismāʻīl ibn Muḥammad al-Zurqānī ( اسماعيل بن محمد الزرقاني ) with transcription completed ("wa-qad faragha min katbih...") 7 Rabīʻ II 976 [ca. 29 September 1568].</subfield></datafield><datafield tag="500" ind1=" " ind2=" "><subfield code="a">Accompanying materials: a. Acquisitions slip from Yahuda.</subfield></datafield><datafield tag="500" ind1=" " ind2=" "><subfield code="a">Former shelfmark: From inner front cover (upper doublure) and fore edge label, "IL 304" (likely supplied by Yahuda, see acquisitions slip).</subfield></datafield><datafield tag="500" ind1=" " ind2=" "><subfield code="a">Binding: Pasteboards covered in dark red leather ; Type II binding (with flap) ; doublures in brown leather ; upper and lower covers carry large blind-stamped mandorla (filled with symmetrical vegetal decoration, reminiscent of Déroche class. NSd 5) and pendants, along with gold-tooled border in a series of s-shaped stamps ; sewn in pink thread, two stations, most quires loose ; overall in somewhat poor condition and ill-fitting with much staining, abrasion, lifting and losses of leather, delamination of boards, etc. ; repair to fore edge flap in a tooled red leather apparently taken from the spine of another book ; other repairs in tan and red leathers.</subfield></datafield><datafield tag="500" ind1=" " ind2=" "><subfield code="a">Support: non-European laid paper of several types ; opening type with 9 laid lines per cm. (horizontal) and chains either grouped (on the order of 9) or very closely spaced 13-14 mm. apart (V), well-burnished to glossy, brown in color, sturdy and fairly transluscent ; next type with both laid and chain lines quite diffuse, roughly 7 laid lines per cm. (horizontal), possibly grouped chains lines (in threes) with 11-12 mm. between chains and 39 mm. between groups, much lighter in color, thicker, sturdier and more opaque, burnished to glossy ; from p.350 on still a different paper, lighter in color with 8 laid lines per cm. (horizontal) and chain lines possibly very closely spaced if not in large group, 14 mm. apart ; final section (from p.650) on another thin, crisp, well-burnished, brownish paper with 7 laid lines per cm. (vertical or horizontal) and chain lines spaced roughly 39 mm. apart ; opening flyleaf in a European laid paper with 7 laid lines per cm. (horizontal), chain lines spaced 29 mm. apart (vertical), and anchor in circle watermark with six-pointed star above (66 mm. tall) ; staining and tidelines ; pigment burn to break-through at frame surrounding written area.</subfield></datafield><datafield tag="500" ind1=" " ind2=" "><subfield code="a">Decoration: Elegant illuminated headpiece (ʻunwān) at opening on p.4 consisting of rectangular panel carrying the basmalah in gold muḥaqqaq on a dark blue ground accented with swirling arabesque in green, surrounded by border of gold bands (the innermost with red accents) flanking a series of crosses on white, set off by adjacent palmette (ansa) in the margin ; written area of incipit and facing page surrounded by gold frame with outermost blue rule ; keywords, sūrah headings (final section) and abbreviation symbols (two-teeth stroke, signes de renvoi, etc.) rubricated.</subfield></datafield><datafield tag="500" ind1=" " ind2=" "><subfield code="a">Script: Nastaʻlīq and naskh ; three main hands ; opening through p.398 (where hand abruptly changes) in a fine nastaʻlīq, serifless, fairly vertical though with slight effect of tilt to the right and of words descending to baseline, some elongation of horizontal strokes, mainly closed counters, pointing (two and three dots) in strokes rather than distinct dots ; from p.398 to p.522 another fine nastaʻlīq, serifless with dramatic tilt to the right, scarcely pointed, mainly closed counters, sweeping descenders ; from p.522 through p.569 again opening hand, then back to second hand ; final section (from p.650 to close) in an elegant Egyptian or 'Syrian' naskh, serifless and compact with slight effect of tilt to the left, many closed counters, pointing (for two and three dots) in distinct or conjoined dots, rounded with curvlinear descenders.</subfield></datafield><datafield tag="500" ind1=" " ind2=" "><subfield code="a">Layout: Written in 32 lines per page ; frame-ruled.</subfield></datafield><datafield tag="500" ind1=" " ind2=" "><subfield code="a">Collation: i, IV-1 (7), 2 IV(23), III+2 (31), 5 IV(71), IV+1 (80), 2 IV(96), I (98), 12 IV(194), 6 V(254), I (256), 2 IV(272), III+1 (279), 6 (285), II (289), 3 (292), 2 V(312), V+2 (324), 20 V(524), IV-1 (531) ; catchwords mainly cut off, but present in final section ; leaves between sections left partially blank (see pp.198, 648-49) ; pagination in pencil, Western numerals, supplied during digitization (includes flyleaves).</subfield></datafield><datafield tag="500" ind1=" " ind2=" "><subfield code="a">Colophon: [opening section] "وقع الخلاص [؟] من تحريره في اربع وعشرين من الشهر ربيع الاخر من شهور سنة ___ اللهم اغفر لمن دعى لمحرره والناظر فيه والديهما ولمن قال ... برحمتك يا ارحم الراحمين" ; [final section] "Scribal," triangular, reads "وقد فرغ من كتبه اقل خلق الله تعالى واحوجهم الى رحمته العبد الضعيف اسماعيل بن محمد الزرقاني غفر الله له ولوالديه ولجميع المسلمين امين يوم الاربع المبارك سابع شهر ربيع الثاني سنة ست وسبعين وتسعمائة وحسبنا الله ونعم الوكيل ولا حول ولا قوة الا بالله العلي العظيم وصلى الله على سيدنا محمد وعلى اله وصحبه وسلم م م"</subfield></datafield><datafield tag="500" ind1=" " ind2=" "><subfield code="a">Explicit: "ظلم عليه الامر وندم وتاب فهذا اخر ما قصدت ايراده في هذه السطور مع اعترافي في كل الامور بالقصور وان الكشف عن اوجه تلك المخدرات ابتدائه لمثلي من احدى المنكرات ولكن للمجتهد اجر ... وانا اسأل الله تبارك وتعالى التجاوز عن خطرات الاوهام وعثرات الاقلام ... والحمد لله المنعم اولا واخرا والصلاة والسلام على سيد المرسلين محمد واله واصحابه العز المحجلين وعلى من اتبعهم باحسان الى يوم الدين"</subfield></datafield><datafield tag="500" ind1=" " ind2=" "><subfield code="a">Incipit: "الحمد لله الذي علم القرآن خلق الانسان علمه البيان ارسل رسوله بالهدى ودين الحق ... نريد ان نشرح مشكلات كتاب الكشاف ونحيط حجاب الخفاء عن مباحثة اللطاف ... قوله الحمد لله سيجئ معنى الحمد لله ..."</subfield></datafield><datafield tag="500" ind1=" " ind2=" "><subfield code="a">Title from inscription on front flyleaf (p.1).</subfield></datafield><datafield tag="500" ind1=" " ind2=" "><subfield code="a">Ms. composite codex.</subfield></datafield><datafield tag="510" ind1="4" ind2=" "><subfield code="a">Brockelmann, C. GAL,</subfield><subfield code="c">I 290 ; S I 507-8</subfield></datafield><datafield tag="520" ind1="8" ind2=" "><subfield code="a">Elegant copy of what appears to be a commentary of uncertain authorship (though possibly by Abū Ḥafṣ ʻUmar ibn ʻAbd al-Raḥmān al-Qazwīnī al-Fārisī, author of a commentary entitled al-Kashf ʻan mushkilāt al-Kashshāf) upon al-Kashshāf, the renowned commentary on the Qurʼān by Abū al-Qāsim Maḥmūd ibn ʻUmar al-Zamakhsharī (d.1144).</subfield></datafield><datafield tag="538" ind1=" " ind2=" "><subfield code="a">Mode of access: Internet.</subfield></datafield><datafield tag="541" ind1=" " ind2=" "><subfield code="a">Acquired in 1926 from the bookseller Isaac Benjamin S.E. Yahuda via purchase transacted on his behalf by his younger brother, the famous Orientalist and manuscript collector Abraham Shalom Yahuda (1877-1951).</subfield></datafield><datafield tag="546" ind1=" " ind2=" "><subfield code="a">Arabic.</subfield></datafield><datafield tag="561" ind1=" " ind2=" "><subfield code="a">Book price on front flyleaf (p.1) ; at least two ownership or waqf statements on 'title page' (p.3) now obscured by affixed paper scraps ; "وقف" in margins of many leaves, mainly effaced but occasionally missed (see p.282 and 283) ; collation statement at close on p.1063 dated 8 [?] Dhū al-Qaʻdah 977 [ca. 14 April 1570], reads "الحمد لله الوهاب [؟] بلغ مقابلة وانتهى في يوم السبت ثامن [؟] مستهل القعدة الحرام من شهور سنة سبع وسبعين وتسعمائة وحسبنا الله ونعم الوكيل" ; numerous glosses and marginal corrections ; collation marks in final section.</subfield></datafield><datafield tag="600" ind1="1" ind2="0"><subfield code="a">Zamakhsharī, Maḥmūd ibn ʻUmar,</subfield><subfield code="d">1075-1144.</subfield><subfield code="t">Kashshāf.</subfield></datafield><datafield tag="630" ind1="0" ind2="0"><subfield code="a">Qurʼan</subfield><subfield code="x">Commentaries</subfield><subfield code="v">Early works to 1800.</subfield></datafield><datafield tag="650" ind1=" " ind2="0"><subfield code="a">Manuscripts, Arabic</subfield><subfield code="z">Michigan</subfield><subfield code="z">Ann Arbor.</subfield></datafield><datafield tag="655" ind1=" " ind2="7"><subfield code="a">Headpieces (layout features)</subfield><subfield code="y">16th century.</subfield><subfield code="2">aat</subfield></datafield><datafield tag="700" ind1="0" ind2=" "><subfield code="6">880-04</subfield><subfield code="a">Ismā‘īl ibn Muḥammad al-Zurqānī,</subfield><subfield code="d">fl. 1568,</subfield><subfield code="e">scribe.</subfield></datafield><datafield tag="773" ind1="0" ind2=" "><subfield code="a">Yahuda Collection.</subfield></datafield><datafield tag="880" ind1="0" ind2=" "><subfield code="6">700-04/</subfield><subfield code="a">اسماعيل بن محمد الزرقاني,</subfield><subfield code="e">ناسخ.</subfield></datafield><datafield tag="880" ind1="0" ind2="0"><subfield code="6">245-03/</subfield><subfield code="a">كشف الكاشف وشرح الكاشف,</subfield><subfield code="f">[976ه، 1568م].</subfield></datafield><datafield tag="CID" ind1=" " ind2=" "><subfield code="a">006806231</subfield></datafield><datafield tag="DAT" ind1="0" ind2=" "><subfield code="a">20190719102637.0</subfield><subfield code="b">20190719000000.0</subfield></datafield><datafield tag="DAT" ind1="1" ind2=" "><subfield code="a">20190719090653.0</subfield><subfield code="b">2019-07-19T16:11:56Z</subfield></datafield><datafield tag="DAT" ind1="2" ind2=" "><subfield code="a">2015-10-02T18:00:03Z</subfield></datafield><datafield tag="CAT" ind1=" " ind2=" "><subfield code="a">SDR-MIU</subfield><subfield code="d">EX LIBRIS - ALEPH</subfield><subfield code="l">prepare.pl-004-008</subfield></datafield><datafield tag="FMT" ind1=" " ind2=" "><subfield code="a">BK</subfield></datafield><datafield tag="HOL" ind1=" " ind2=" "><subfield code="0">sdr-miu006806231</subfield><subfield code="a">MiU</subfield><subfield code="b">SDR</subfield><subfield code="c">MIU</subfield><subfield code="p">mdp.39015079127737</subfield><subfield code="s">MIU</subfield><subfield code="1">006806231</subfield></datafield><datafield tag="974" ind1=" " ind2=" "><subfield code="b">MIU</subfield><subfield code="c">MIU</subfield><subfield code="d">20190719</subfield><subfield code="s">lit-dlps-dc</subfield><subfield code="u">mdp.39015079127737</subfield><subfield code="y">1568</subfield><subfield code="r">pd</subfield><subfield code="q">bib</subfield><subfield code="t">non-US bib date1 &lt; 1896</subfield></datafield></record></collection>